%% This BibTeX bibliography file was created using BibDesk.
%% http://bibdesk.sourceforge.net/


%% Created for Diego Trazzi at 2015-05-02 14:48:39 +1200 


%% Saved with string encoding Unicode (UTF-8) 



@article{Phong:1975aa,
	Acmid = {360839},
	Address = {New York, NY, USA},
	Author = {Phong, Bui Tuong},
	Date-Added = {2015-05-02 02:06:18 +0000},
	Date-Modified = {2015-05-02 02:11:31 +0000},
	Doi = {10.1145/360825.360839},
	Issn = {0001-0782},
	Issue_Date = {June 1975},
	Journal = {Commun. ACM},
	Keywords = {computer graphics, graphic display, hidden surface removal, shading},
	Month = jun,
	Number = {6},
	Numpages = {7},
	Pages = {311--317},
	Publisher = {ACM},
	Title = {Illumination for Computer Generated Pictures},
	Url = {http://doi.acm.org/10.1145/360825.360839},
	Volume = {18},
	Year = {1975},
	Bdsk-Url-1 = {http://doi.acm.org/10.1145/360825.360839},
	Bdsk-Url-2 = {http://dx.doi.org/10.1145/360825.360839},
	Bdsk-File-1 = {YnBsaXN0MDDUAQIDBAUGJCVYJHZlcnNpb25YJG9iamVjdHNZJGFyY2hpdmVyVCR0b3ASAAGGoKgHCBMUFRYaIVUkbnVsbNMJCgsMDxJXTlMua2V5c1pOUy5vYmplY3RzViRjbGFzc6INDoACgAOiEBGABIAFgAdccmVsYXRpdmVQYXRoWWFsaWFzRGF0YV5QaG9uZ18xOTc1LnBkZtIXCxgZV05TLmRhdGFPEQICAAAAAAICAAIAAAxNYWNpbnRvc2ggSEQAAAAAAAAAAAAAAAAAAADRNb4dSCsAAABiE+wOUGhvbmdfMTk3NS5wZGYAAAAAAAAAAAAAAAAAAAAAAAAAAAAAAAAAAAAAAAAAAAAAAAAAAAAAAAAAAAAAAAAAAGJPtNFqk2sAAAAAAAAAAAABAAIAAAkgAAAAAAAAAAAAAAAAAAAABnJlcG9ydAAQAAgAANE1B00AAAARAAgAANFp6qsAAAABACQAYhPsAC+z9wAvs+EAL4d0AAbjowAG4vwABilcAAYpFAACk5kAAgBwTWFjaW50b3NoIEhEOlVzZXJzOgBkaWVnbzoARG9jdW1lbnRzOgBWaWN0b3JpYToAQ09NUDI2MV8yMDE1VDE6AEdpdEh1YjoAY29tcDI2MS1hMDM6AHNyYzoAcmVwb3J0OgBQaG9uZ18xOTc1LnBkZgAOAB4ADgBQAGgAbwBuAGcAXwAxADkANwA1AC4AcABkAGYADwAaAAwATQBhAGMAaQBuAHQAbwBzAGgAIABIAEQAEgBaVXNlcnMvZGllZ28vRG9jdW1lbnRzL1ZpY3RvcmlhL0NPTVAyNjFfMjAxNVQxL0dpdEh1Yi9jb21wMjYxLWEwMy9zcmMvcmVwb3J0L1Bob25nXzE5NzUucGRmABMAAS8AABUAAgAM//8AAIAG0hscHR5aJGNsYXNzbmFtZVgkY2xhc3Nlc11OU011dGFibGVEYXRhox0fIFZOU0RhdGFYTlNPYmplY3TSGxwiI1xOU0RpY3Rpb25hcnmiIiBfEA9OU0tleWVkQXJjaGl2ZXLRJidUcm9vdIABAAgAEQAaACMALQAyADcAQABGAE0AVQBgAGcAagBsAG4AcQBzAHUAdwCEAI4AnQCiAKoCsAKyArcCwgLLAtkC3QLkAu0C8gL/AwIDFAMXAxwAAAAAAAACAQAAAAAAAAAoAAAAAAAAAAAAAAAAAAADHg==}}

@url{PhongShading,
	Author = {Xichun Jennifer Guo},
	Date-Added = {2015-05-02 02:00:25 +0000},
	Date-Modified = {2015-05-02 02:48:30 +0000},
	Lastchecked = {1996},
	Title = {Phong Shading and Gouraud Shading},
	Url = {http://www.nbb.cornell.edu/neurobio/land/OldStudentProjects/cs490-95to96/guo/report.html},
	Urldate = {1996},
	Bdsk-File-1 = {YnBsaXN0MDDUAQIDBAUGJCVYJHZlcnNpb25YJG9iamVjdHNZJGFyY2hpdmVyVCR0b3ASAAGGoKgHCBMUFRYaIVUkbnVsbNMJCgsMDxJXTlMua2V5c1pOUy5vYmplY3RzViRjbGFzc6INDoACgAOiEBGABIAFgAdccmVsYXRpdmVQYXRoWWFsaWFzRGF0YV8QJVBob25nIFNoYWRpbmcgYW5kIEdvdXJhdWQgU2hhZGluZy5wZGbSFwsYGVdOUy5kYXRhTxECWgAAAAACWgACAAAMTWFjaW50b3NoIEhEAAAAAAAAAAAAAAAAAAAA0TW+HUgrAAAAYhPsH1Bob25nIFNoYWRpbmcgYW5kIEdvIzYxRkYwQy5wZGYAAAAAAAAAAAAAAAAAAAAAAAAAAAAAAAAAAAAAAAAAAABh/wzRaogvAAAAAAAAAAAAAQACAAAJIAAAAAAAAAAAAAAAAAAAAAZyZXBvcnQAEAAIAADRNQdNAAAAEQAIAADRad9vAAAAAQAkAGIT7AAvs/cAL7PhAC+HdAAG46MABuL8AAYpXAAGKRQAApOZAAIAgU1hY2ludG9zaCBIRDpVc2VyczoAZGllZ286AERvY3VtZW50czoAVmljdG9yaWE6AENPTVAyNjFfMjAxNVQxOgBHaXRIdWI6AGNvbXAyNjEtYTAzOgBzcmM6AHJlcG9ydDoAUGhvbmcgU2hhZGluZyBhbmQgR28jNjFGRjBDLnBkZgAADgBMACUAUABoAG8AbgBnACAAUwBoAGEAZABpAG4AZwAgAGEAbgBkACAARwBvAHUAcgBhAHUAZAAgAFMAaABhAGQAaQBuAGcALgBwAGQAZgAPABoADABNAGEAYwBpAG4AdABvAHMAaAAgAEgARAASAHFVc2Vycy9kaWVnby9Eb2N1bWVudHMvVmljdG9yaWEvQ09NUDI2MV8yMDE1VDEvR2l0SHViL2NvbXAyNjEtYTAzL3NyYy9yZXBvcnQvUGhvbmcgU2hhZGluZyBhbmQgR291cmF1ZCBTaGFkaW5nLnBkZgAAEwABLwAAFQACAAz//wAAgAbSGxwdHlokY2xhc3NuYW1lWCRjbGFzc2VzXU5TTXV0YWJsZURhdGGjHR8gVk5TRGF0YVhOU09iamVjdNIbHCIjXE5TRGljdGlvbmFyeaIiIF8QD05TS2V5ZWRBcmNoaXZlctEmJ1Ryb290gAEACAARABoAIwAtADIANwBAAEYATQBVAGAAZwBqAGwAbgBxAHMAdQB3AIQAjgC2ALsAwwMhAyMDKAMzAzwDSgNOA1UDXgNjA3ADcwOFA4gDjQAAAAAAAAIBAAAAAAAAACgAAAAAAAAAAAAAAAAAAAOP}}
